@book{tornhillXrays,
  author    = {Adam Tornhill},
  title     = {Software Design X-Rays},
  year      = {2018},
  isbn      = {9781680502725},
  edition   = {1st},
  publisher = {Pragmatic Bookshelf}
}

@book{fowlerRefactoring,
  author    = {Martin Fowler; Kent Beck; John Brant; William Opdyke; Don Roberts},
  title     = {Refactoring},
  publisher = {Addison-Wesley Professional PTG},
  isbn      = {9780201485677, 0201485672},
  edition   = {1st},
  year      = {1999}
}

@inproceedings{codeSmells,
  author    = {M. {Tufano} and F. {Palomba} and G. {Bavota} and R. {Oliveto} and M. {Di Penta} and A. {De Lucia} and D. {Poshyvanyk}},
  booktitle = {2015 IEEE/ACM 37th IEEE International Conference on Software Engineering},
  title     = {When and Why Your Code Starts to Smell Bad},
  year      = {2015},
  volume    = {1},
  number    = {},
  pages     = {403-414},
  doi       = {10.1109/ICSE.2015.59}
}

@article{conway,
  author  = {Melvin E. Conway},
  title   = {How do Committees Invent?},
  journal = {Datamation},
  volume  = {},
  number  = {},
  year    = {1968}
}